@article{Kulkarni,
     jstor_articletype = {research-article},
     title = {{Markov and Markov-Regenerative PERT Networks}},
     author = {Kulkarni, V. G. and Adlakha, V. G.},
     journal = {Operations Research},
     volume = {34},
     number = {5},
     jstor_formatteddate = {Sep. - Oct., 1986},
     pages = {pp. 769-781},
     url = {http://www.jstor.org/stable/170733},
     ISSN = {0030364X},
     language = {English},
     year = {1986},
     publisher = {INFORMS},
     copyright = {Copyright © 1986 INFORMS},
}
@inproceedings{beldiceanu2012model,
	title={A model seeker: Extracting global constraint models from positive examples},
	author={Beldiceanu, Nicolas and Simonis, Helmut},
	booktitle={Principles and practice of constraint programming},
	pages={141--157},
	year={2012},
	organization={Springer}
}
@inproceedings{lallouet2010learning,
	title={On learning constraint problems},
	author={Lallouet, Arnaud and Lopez, Matthieu and Martin, Lionel and Vrain, Christel},
	booktitle={Tools with Artificial Intelligence (ICTAI), 2010 22nd IEEE International Conference on},
	volume={1},
	pages={45--52},
	year={2010},
	organization={IEEE}
}
@article{lee1994scheduling,
	title={Scheduling flexible manufacturing systems using Petri nets and heuristic search},
	author={Lee, Doo Yong and DiCesare, Frank},
	journal={IEEE Transactions on robotics and automation},
	volume={10},
	number={2},
	pages={123--132},
	year={1994},
	publisher={IEEE}
}

@inproceedings{DBLP:conf/bpm/SenderovichRGMM15,
	author    = {Arik Senderovich and
	Andreas Rogge{-}Solti and
	Avigdor Gal and
	Jan Mendling and
	Avishai Mandelbaum and
	Sarah Kadish and
	Craig A. Bunnell},
	title     = {Data-Driven Performance Analysis of Scheduled Processes},
	booktitle = {Business Process Management - 13th International Conference, {BPM}
	2015, Innsbruck, Austria, August 31 - September 3, 2015, Proceedings},
	pages     = {35--52},
	year      = {2015},
	crossref  = {DBLP:conf/bpm/2015},
	url       = {https://doi.org/10.1007/978-3-319-23063-4\_3},
	doi       = {10.1007/978-3-319-23063-4\_3},
	timestamp = {Thu, 15 Jun 2017 21:44:08 +0200},
	biburl    = {https://dblp.org/rec/bib/conf/bpm/SenderovichRGMM15},
	bibsource = {dblp computer science bibliography, https://dblp.org}
}
@proceedings{DBLP:conf/bpm/2015,
	editor    = {Hamid Reza Motahari{-}Nezhad and
	Jan Recker and
	Matthias Weidlich},
	title     = {Business Process Management - 13th International Conference, {BPM}
	2015, Innsbruck, Austria, August 31 - September 3, 2015, Proceedings},
	series    = {Lecture Notes in Computer Science},
	volume    = {9253},
	publisher = {Springer},
	year      = {2015},
	url       = {https://doi.org/10.1007/978-3-319-23063-4},
	doi       = {10.1007/978-3-319-23063-4},
	isbn      = {978-3-319-23062-7},
	timestamp = {Thu, 01 Jun 2017 18:59:33 +0200},
	biburl    = {https://dblp.org/rec/bib/conf/bpm/2015},
	bibsource = {dblp computer science bibliography, https://dblp.org}
}


@article{van1996petri,
	title={Petri net based scheduling},
	author={Van der Aalst, WMP},
	journal={Operations-Research-Spektrum},
	volume={18},
	number={4},
	pages={219--229},
	year={1996},
	publisher={Springer}
}

@InProceedings{Smith2005,
	author="Smith, Stephen F.",
	editor="Kendall, Graham
	and Burke, Edmund K.
	and Petrovic, Sanja
	and Gendreau, Michel",
	title="Is Scheduling a Solved Problem?",
	booktitle="Multidisciplinary Scheduling: Theory and Applications",
	year="2005",
	publisher="Springer US",
	address="Boston, MA",
	pages="3--17"
}


@book{Baptiste:2001,
	author = {Baptiste, Philippe and Pape, Claude Le and Nuijten, Wim},
	title = {Constraint-Based Scheduling},
	year = {2001},
	isbn = {0792374088},
	publisher = {Kluwer Academic Publishers},
	address = {Norwell, MA, USA},
} 


@article{BRUCKER1993,
	title = "Resource-constrained project scheduling: Notation, classification, models, and methods",
	journal = "European Journal of Operational Research",
	volume = "112",
	number = "1",
	pages = "3 - 41",
	year = "1999",
	issn = "0377-2217",
	doi = "https://doi.org/10.1016/S0377-2217(98)00204-5",
	url = "http://www.sciencedirect.com/science/article/pii/S0377221798002045",
	author = "Peter Brucker and Andreas Drexl and Rolf Möhring and Klaus Neumann and Erwin Pesch",
	keywords = "Project scheduling/resource constraints, Notation, Classification scheme, Single-mode case, Time–cost tradeoffs, Multi-mode case, Minimum and maximum time lags, Nonregular objectives, Stochastic activity durations, Constraint propagation"
}



@book{hall1990queueing,
	title={Queueing methods for services and manufacturing},
	author={Hall, Randolph W},
	year={1990}
}
@article{mandelbaumdata,
	title={Data-driven appointment-scheduling under uncertainty: The case of an infusion unit in a cancer center},
	author={Mandelbaum, Avishai and Momcilovic, Petar and Trichakis, Nikolaos and Kadish, Sarah and Leib, Ryan and Bunnell, Craig A}
}
@inproceedings{gal2016p3,
	title={P3-Folder: Optimal Model Simplification for Improving Accuracy in Process Performance Prediction},
	author={Gal, Avigdor and Mandelbaum, Avishai},
	booktitle={Business Process Management: 14th International Conference, BPM 2016, Rio de Janeiro, Brazil, September 18-22, 2016. Proceedings},
	volume={9850},
	pages={418},
	year={2016},
	organization={Springer}
}
@inproceedings{beccuti2007markov,
	title={Markov decision Petri net and Markov decision well-formed net formalisms},
	author={Beccuti, Marco and Franceschinis, Giuliana and Haddad, Serge},
	booktitle={International Conference on Application and Theory of Petri Nets},
	pages={43--62},
	year={2007},
	organization={Springer}
}
@article{garnett2000introduction,
	title={An introduction to skills-based routing and its operational complexities},
	author={Garnett, Ofer and Mandelbaum, Avishai},
	journal={Teaching notes},
	year={2000}
}

@article{gans2003telephone,
	title={Telephone call centers: Tutorial, review, and research prospects},
	author={Gans, Noah and Koole, Ger and Mandelbaum, Avishai},
	journal={Manufacturing \& Service Operations Management},
	volume={5},
	number={2},
	pages={79--141},
	year={2003},
	publisher={INFORMS}
}
@article{senderovich2016conformance,
	title={Conformance checking and performance improvement in scheduled processes: A queueing-network perspective},
	author={Senderovich, Arik and Weidlich, Matthias and Yedidsion, Liron and Gal, Avigdor and Mandelbaum, Avishai and Kadish, Sarah and Bunnell, Craig A},
	journal={Information Systems},
	volume={62},
	pages={185--206},
	year={2016},
	publisher={Elsevier}
}
@book{van2016process,
	title={Process mining: data science in action},
	author={van der Aalst, Wil MP},
	year={2016},
	publisher={Springer}
}
@article{terekhov2014queueing,
	title={Queueing-theoretic approaches for dynamic scheduling: A survey},
	author={Terekhov, Daria and Down, Douglas G and Beck, J Christopher},
	journal={Surveys in Operations Research and Management Science},
	volume={19},
	number={2},
	pages={105--129},
	year={2014},
	publisher={Elsevier}
}

@article {NET:NET1,
	author = {Shaw, Dong X. and Cho, Geon},
	title = {The critical-item, upper bounds, and a branch-and-bound algorithm for the tree knapsack problem},
	journal = {Networks},
	volume = {31},
	number = {4},
	publisher = {Wiley Subscription Services, Inc., A Wiley Company},
	issn = {1097-0037},
	url = {http://dx.doi.org/10.1002/(SICI)1097-0037(199807)31:4<205::AID-NET1>3.0.CO;2-H},
	doi = {10.1002/(SICI)1097-0037(199807)31:4<205::AID-NET1>3.0.CO;2-H},
	pages = {205--216},
	keywords = {tree knapsack, critical-item, branch-and-bound},
	year = {1998},
}
@article{vidal1999handling,
	title={Handling contingency in temporal constraint networks: from consistency to controllabilities},
	author={Vidal, Thierry},
	journal={Journal of Experimental \& Theoretical Artificial Intelligence},
	volume={11},
	number={1},
	pages={23--45},
	year={1999},
	publisher={Taylor \& Francis}
}
@article{Yamada,
	year={2000},
	issn={0022-3239},
	journal={Journal of Optimization Theory and Applications},
	volume={105},
	number={3},
	doi={10.1023/A:1004649425222},
	title={Heuristic and Exact Algorithms for the Precedence-Constrained Knapsack Problem},
	url={http://dx.doi.org/10.1023/A%3A1004649425222},
	publisher={Kluwer Academic Publishers-Plenum Publishers},
	keywords={combinatorial optimization; dynamic programming; knapsack problem; precedence constraints},
	author={Samphaiboon, N. and Yamada, Y.},
	pages={659-676},
	language={English}
}

@article{fikes1972strips,
	title={STRIPS: A new approach to the application of theorem proving to problem solving},
	author={Fikes, Richard E and Nilsson, Nils J},
	journal={Artificial intelligence},
	volume={2},
	number={3},
	pages={189--208},
	year={1972},
	publisher={Elsevier}
}
@ARTICLE{VVK09,
	author = {Jussi Vanhatalo and Hagen V{\"o}lzer and Jana Koehler},
	title = {The Refined Process Structure Tree},
	journal = {Data and Knowledge Engineering (DKE)},
	year = {2009},
	volume = {68},
	pages = {793--818},
	number = {9},
	bibsource = {DBLP, http://dblp.uni-trier.de},
	ee = {http://dx.doi.org/10.1016/j.datak.2009.02.015}
}
@INPROCEEDINGS{PVV10,
	author = {Artem Polyvyanyy and Jussi Vanhatalo and Hagen V{\"o}lzer},
	title = {Simplified Computation and Generalization of the Refined Process
	Structure Tree},
	booktitle = {WS-FM},
	year = {2010},
	pages = {25-41},
	bibsource = {DBLP, http://dblp.uni-trier.de},
	crossref = {DBLP:conf/wsfm/2010},
	ee = {http://dx.doi.org/10.1007/978-3-642-19589-1_2}
}



@article{wilbaut2008survey,
	title={A survey of effective heuristics and their application to a variety of knapsack problems},
	author={Wilbaut, Christophe and Hanafi, Said and Salhi, Said},
	journal={IMA Journal of Management Mathematics},
	volume={19},
	number={3},
	pages={227},
	year={2008},
	publisher={Oxford University Press}
}
@article{whitt1983queueing,
	title={The queueing network analyzer},
	author={Whitt, Ward},
	journal={Bell System Technical Journal},
	volume={62},
	number={9},
	pages={2779--2815},
	year={1983},
	publisher={Wiley Online Library}
}


@article{van2003workflow,
	title={Workflow patterns},
	author={van der Aalst, Wil MP and Ter Hofstede, Arthur HM and Kiepuszewski, 
	Bartek and Barros, Alistair P},
	journal={Distributed and parallel databases},
	volume={14},
	number={1},
	pages={5--51},
	year={2003},
	publisher={Springer}
}
@article{park1997lifting,
	title={Lifting cover inequalities for the precedence-constrained knapsack problem},
	author={Park, Kyungchul and Park, Sungsoo},
	journal={Discrete Applied Mathematics},
	volume={72},
	number={3},
	pages={219--241},
	year={1997},
	publisher={Elsevier}
}
@inproceedings{german1995transient,
	title={Transient analysis of Markov regenerative stochastic Petri nets: A comparison of approaches},
	author={German, Reinhard and Logothetis, Dimitris and Trivedi, Kishor S},
	booktitle={Petri Nets and Performance Models, 1995., Proceedings of the Sixth International Workshop on},
	pages={103--112},
	year={1995},
	organization={IEEE}
}

@article{smirnov2012business,
	title={Business process model abstraction: a definition, catalog, and survey},
	author={Smirnov, Sergey and Reijers, Hajo A and Weske, Mathias and Nugteren, Thijs},
	journal={Distributed and Parallel Databases},
	volume={30},
	number={1},
	pages={63--99},
	year={2012},
	publisher={Springer}
}

@article{mafazi2014consistent,
	title={Consistent abstraction of business processes based on constraints},
	author={Mafazi, Shamila and Grossmann, Georg and Mayer, Wolfgang and Schrefl, Michael and Stumptner, Markus},
	journal={Journal on Data Semantics},
	volume={4},
	number={1},
	pages={59--78},
	year={2014},
	publisher={Springer}
}


@inproceedings{zerguini2002new,
	title={A new reduction method for the analysis of large workflow models.},
	author={Zerguini, Loucif and van Hee, Kees M},
	booktitle={Promise},
	pages={188--201},
	year={2002}
}
@inproceedings{zerguini2001estimation,
	title={On the estimation of the response time of the business process},
	author={Zerguini, Loucif},
	booktitle={17th UK Performance Engineering Workshop, University of Leeds},
	year={2001},
	organization={Citeseer}
}

@inproceedings{freiheit2003new,
	title={New developments in closed-form computation for GSPN aggregation},
	author={Freiheit, J{\"o}rn and Billington, Jonathan},
	booktitle={ICFEM},
	pages={471--490},
	year={2003},
	organization={Springer}
}
@inproceedings{SenderovichRGMM15,
	author    = {Arik Senderovich and
	Andreas Rogge{-}Solti and
	Avigdor Gal and
	Jan Mendling and
	Avishai Mandelbaum and
	Sarah Kadish and
	Craig A. Bunnell},
	title     = {Data-Driven Performance Analysis of Scheduled Processes},
	booktitle = {Business Process Management - 13th International Conference, {BPM}
	2015, Innsbruck, Austria, August 31 - September 3, 2015, Proceedings},
	pages     = {35--52},
	year      = {2015},
	crossref  = {DBLP:conf/bpm/2015},
	url       = {http://dx.doi.org/10.1007/978-3-319-23063-4_3},
	doi       = {10.1007/978-3-319-23063-4_3},
	timestamp = {Thu, 13 Aug 2015 18:56:36 +0200},
	biburl    = {http://dblp.uni-trier.de/rec/bib/conf/bpm/SenderovichRGMM15},
	bibsource = {dblp computer science bibliography, http://dblp.org}
}

@inproceedings{leemans2014discovering,
	title={Discovering block-structured process models from event logs containing infrequent behaviour},
	author={Leemans, Sander JJ and Fahland, Dirk and van der Aalst, Wil MP},
	booktitle={Business Process Management Workshops},
	pages={66--78},
	year={2014},
	organization={Springer}
}


@inproceedings{woodside1991performance,
	title={Performance Petri net analysis of communications protocol software by delay-equivalent aggregation},
	author={Woodside, C Murray and Li, Yao},
	booktitle={Petri Nets and Performance Models, 1991. PNPM91., Proceedings of the Fourth International Workshop on},
	pages={64--73},
	year={1991},
	organization={IEEE}
}

@book{courtois2014decomposability,
	title={Decomposability: queueing and computer system applications},
	author={Courtois, Pierre Jacques},
	year={2014},
	publisher={Academic Press}
}
@inproceedings{ciardo1991decomposition,
	title={A decomposition approach for stochastic Petri net models},
	author={Ciardo, Gianfranco and Trivedi, Kishor S},
	booktitle={Petri Nets and Performance Models, 1991. PNPM91., Proceedings of the Fourth International Workshop on},
	pages={74--83},
	year={1991},
	organization={IEEE}
}

@article{balbo1988combining,
	title={Combining queueing networks and generalized stochastic Petri nets for the solution of complex models of system behavior},
	author={Balbo, Gianfranco and Bruell, Steven C and Ghanta, Subbarao},
	journal={Computers, IEEE Transactions on},
	volume={37},
	number={10},
	pages={1251--1268},
	year={1988},
	publisher={IEEE}
}
@article{molloy1982performance,
	title={Performance analysis using stochastic Petri nets},
	author={Molloy, Michael K},
	journal={Computers, IEEE Transactions on},
	volume={100},
	number={9},
	pages={913--917},
	year={1982},
	publisher={IEEE}
}


@book{box1987empirical,
	title={Empirical model-building and response surfaces},
	author={Box, George EP and Draper, Norman Richard},
	volume={424},
	year={1987},
	publisher={Wiley New York}
}
@book{marsan1994modelling,
	title={Modelling with generalized stochastic Petri nets},
	author={Marsan, Marco Ajmone and Balbo, Gianfranco and Conte, Gianni and Donatelli, Susanna and Franceschinis, Giuliana},
	year={1994},
	publisher={John Wiley \& Sons, Inc.}
}
@incollection{gunther2007fuzzy,
	title={Fuzzy mining--adaptive process simplification based on multi-perspective metrics},
	author={G{\"u}nther, Christian W and van der Aalst, Wil MP},
	booktitle={Business Process Management},
	pages={328--343},
	year={2007},
	publisher={Springer}
}

@incollection{van1997verification,
	title={Verification of workflow nets},
	author={Van der Aalst, Wil MP},
	booktitle={Application and Theory of Petri Nets 1997},
	pages={407--426},
	year={1997},
	publisher={Springer}
}

@inproceedings{zerguini2002new,
	title={A new reduction method for the analysis of large workflow models.},
	author={Zerguini, Loucif and van Hee, Kees M},
	booktitle={Promise},
	pages={188--201},
	year={2002}
}
@inproceedings{senderovichdiscovery,
	author={Senderovich, Arik and Weidlich, Matthias and Gal, Avigdor and Mandelbaum, Avishai and Kadish, Sarah and Bunnell, Craig A.},
	title={Discovery and Validation of Queueing Networks in Scheduled Processes},
	booktitle={To appear in Advanced Information Systems Engineering},
	year      = {2015}
}
@inproceedings{SenderovichBPM,
	author    = {Arik Senderovich and
	Matthias Weidlich and
	Avigdor Gal and
	Avishai Mandelbaum},
	title     = {Mining Resource Scheduling Protocols},
	booktitle = {Business Process Management - 12th International Conference, {BPM}
	2014, Haifa, Israel, September 7-11, 2014. Proceedings},
	pages     = {200--216},
	year      = {2014},
	crossref  = {DBLP:conf/bpm/2014},
	url       = {http://dx.doi.org/10.1007/978-3-319-10172-9_13},
	doi       = {10.1007/978-3-319-10172-9_13},
	timestamp = {Wed, 10 Sep 2014 20:44:36 +0200},
	biburl    = {http://dblp.uni-trier.de/rec/bib/conf/bpm/SenderovichWGM14},
	bibsource = {dblp computer science bibliography, http://dblp.org}
}

@inproceedings{SenderovichWGM14,
	author    = {Arik Senderovich and
	Matthias Weidlich and
	Avigdor Gal and
	Avishai Mandelbaum},
	title     = {Queue Mining - Predicting Delays in Service Processes},
	booktitle = {Advanced Information Systems Engineering - 26th International Conference,
	CAiSE 2014, Thessaloniki, Greece, June 16-20, 2014. Proceedings},
	year      = {2014},
	pages     = {42--57},
	crossref  = {DBLP:conf/caise/2014},
}

@inproceedings{DumasH01,
  author    = {Marlon Dumas and
               Arthur H. M. ter Hofstede},
  title     = {{UML Activity Diagrams as a Workflow Specification Language}},
  booktitle = {UML},
  year      = {2001},
  pages     = {76-90},
  ee        = {http://dx.doi.org/10.1007/3-540-45441-1_7},
  crossref  = {DBLP:conf/uml/2001},
  bibsource = {DBLP, http://dblp.uni-trier.de}
}

@proceedings{DBLP:conf/uml/2001,
  editor    = {Martin Gogolla and
               Cris Kobryn},
  title     = {{UML 2001 - The Unified Modeling Language, Modeling
               Languages, Concepts, and Tools, 4th International Conference,
               Toronto, Canada, October 1-5, 2001, Proceedings}},
  booktitle = {UML},
  publisher = {Springer},
  series    = {Lecture Notes in Computer Science},
  volume    = {2185},
  year      = {2001},
  isbn      = {3-540-42667-1},
  bibsource = {DBLP, http://dblp.uni-trier.de}
}


@article{van1998application,
  title={{The application of Petri nets to workflow management}},
  author={Wil M. P. van der Aalst},
  journal={Journal of circuits, systems, and computers},
  volume={8},
  number={01},
  pages={21--66},
  year={1998},
  publisher={World Scientific}
}

@article{GlynnI88,
  author    = {Peter W. Glynn and
               Donald L. Iglehart},
  title     = {{Simulation Methods for Queues: An Overview}},
  journal   = {Queueing Syst.},
  volume    = {3},
  number    = {3},
  year      = {1988},
  pages     = {221-255},
  ee        = {http://dx.doi.org/10.1007/BF01161216},
  bibsource = {DBLP, http://dblp.uni-trier.de}
}


@article{garnett2000introduction,
  title={An introduction to skills-based routing and its operational complexities},
  author={Garnett, Ofer and Mandelbaum, Avi},
  journal={Teaching notes},
  year={2000}
} 
@inproceedings{SuriadiOAH12,
  author    = {Suriadi Suriadi and
               Chun Ouyang and
               Wil M. P. van der Aalst and
               Arthur H. M. ter Hofstede},
  title     = {{Root Cause Analysis with Enriched Process Logs}},
  booktitle = {Business Process Management Workshops},
  year      = {2012},
  pages     = {174-186},
  ee        = {http://dx.doi.org/10.1007/978-3-642-36285-9_18},
  crossref  = {DBLP:conf/bpm/2012w},
  bibsource = {DBLP, http://dblp.uni-trier.de}
}

@proceedings{DBLP:conf/bpm/2012w,
  editor    = {Marcello La Rosa and
               Pnina Soffer},
  title     = {Business Process Management Workshops - BPM 2012 International
               Workshops, Tallinn, Estonia, September 3, 2012. Revised
               Papers},
  booktitle = {Business Process Management Workshops},
  publisher = {Springer},
  series    = {Lecture Notes in Business Information Processing},
  volume    = {132},
  year      = {2013},
  isbn      = {978-3-642-36284-2},
  ee        = {http://dx.doi.org/10.1007/978-3-642-36285-9},
  bibsource = {DBLP, http://dblp.uni-trier.de}
}
 
@article{Harrison,
     title = {{A Note on Networks of Infinite-Server Queues}},
     author = {Harrison, J. Michael and Lemoine, Austin J.},
     journal = {Journal of Applied Probability},
     jstor_issuetitle = {},
     volume = {18},
     number = {2},
     jstor_formatteddate = {Jun., 1981},
     pages = {pp. 561-567},
     url = {http://www.jstor.org/stable/3213306},
     ISSN = {00219002},
     language = {English},
     year = {1981},
     publisher = {Applied Probability Trust},
     copyright = {Copyright © 1981 Applied Probability Trust},
    }

@inproceedings{FerreiraZMF07,
  author    = {Diogo R. Ferreira and
               Marielba Zacarias and
               Miguel Malheiros and
               Pedro Ferreira},
  title     = {{Approaching Process Mining with Sequence Clustering: Experiments
               and Findings}},
  booktitle = {BPM},
  year      = {2007},
  pages     = {360-374},
  ee        = {http://dx.doi.org/10.1007/978-3-540-75183-0_26},
  crossref  = {DBLP:conf/bpm/2007},
  bibsource = {DBLP, http://dblp.uni-trier.de}
}

@proceedings{DBLP:conf/bpm/2007,
  editor    = {Gustavo Alonso and
               Peter Dadam and
               Michael Rosemann},
  title     = {{Business Process Management, 5th International Conference,
               BPM 2007, Brisbane, Australia, September 24-28, 2007, Proceedings}},
  booktitle = {BPM},
  publisher = {Springer},
  series    = {Lecture Notes in Computer Science},
  volume    = {4714},
  year      = {2007},
  isbn      = {978-3-540-75182-3},
  bibsource = {DBLP, http://dblp.uni-trier.de}
}


@inproceedings{SongGA08,
  author    = {Minseok Song and
               Christian W. G{\"u}nther and
               Wil M. P. van der Aalst},
  title     = {{Trace Clustering in Process Mining}},
  booktitle = {Business Process Management Workshops},
  year      = {2008},
  pages     = {109-120},
  ee        = {http://dx.doi.org/10.1007/978-3-642-00328-8_11},
  crossref  = {DBLP:conf/bpm/2008w},
  bibsource = {DBLP, http://dblp.uni-trier.de}
}

@proceedings{DBLP:conf/bpm/2008w,
  editor    = {Danilo Ardagna and
               Massimo Mecella and
               Jian Yang},
  title     = {Business Process Management Workshops, BPM 2008 International
               Workshops, Milano, Italy, September 1-4, 2008. Revised Papers},
  booktitle = {Business Process Management Workshops},
  publisher = {Springer},
  series    = {Lecture Notes in Business Information Processing},
  volume    = {17},
  year      = {2009},
  isbn      = {978-3-642-00327-1},
  ee        = {http://dx.doi.org/10.1007/978-3-642-00328-8},
  bibsource = {DBLP, http://dblp.uni-trier.de}
}


@article{huang2011reinforcement,
  title={Reinforcement learning based resource allocation in business process management},
  author={Huang, Zhengxing and Wil M. P. van der Aalst and Lu, Xudong and Duan, Huilong},
  journal={Data \& Knowledge Engineering},
  volume={70},
  number={1},
  pages={127--145},
  year={2011},
  publisher={Elsevier}
}
@article{gustafson1982force,
  title={Force-loss analysis},
  author={Gustafson, HW},
  journal={Employee turnover: Causes, consequences, and control},
  pages={139--185},
  year={1982}
}

@inproceedings{AtarMZ12,
  author    = {Rami Atar and
               Avi Mandelbaum and
               Asaf Zviran},
  title     = {{Control of Fork-Join Networks in heavy traffic}},
  booktitle = {Allerton Conference},
  year      = {2012},
  pages     = {823-830},
  ee        = {http://dx.doi.org/10.1109/Allerton.2012.6483303},
  crossref  = {DBLP:conf/allerton/2012},
  bibsource = {DBLP, http://dblp.uni-trier.de}
}

@proceedings{DBLP:conf/allerton/2012,
  title     = {2012 50th Annual Allerton Conference on Communication, Control,
               and Computing, Allerton Park {\&} Retreat Center, Monticello,
               IL, USA, October 1-5, 2012},
  booktitle = {Allerton},
  publisher = {IEEE},
  year      = {2012},
  isbn      = {978-1-4673-4537-8},
  ee        = {http://ieeexplore.ieee.org/xpl/mostRecentIssue.jsp?punumber=6475439},
  bibsource = {DBLP, http://dblp.uni-trier.de}
}


@book{furnkranz2012foundations,
  title={Foundations of Rule Learning},
  author={F{\"u}rnkranz, Johannes and Gamberger, Dragan and Lavra{\v{c}}, Nada},
  year={2012},
  publisher={Springer}
}
@article{wohlrab2011review,
  title={A review and comparison of strategies for handling missing values in separate-and-conquer rule learning},
  author={Wohlrab, Lars and F{\"u}rnkranz, Johannes},
  journal={Journal of Intelligent Information Systems},
  volume={36},
  number={1},
  pages={73--98},
  year={2011},
  publisher={Springer}
}
@inproceedings{BertoliFDG13,
  author    = {Piergiorgio Bertoli and
               Chiara Di Francescomarino and
               Mauro Dragoni and
               Chiara Ghidini},
  title     = {{Reasoning-Based Techniques for Dealing with Incomplete Business
               Process Execution Traces}},
  booktitle = {AI*IA},
  year      = {2013},
  pages     = {469-480},
  ee        = {http://dx.doi.org/10.1007/978-3-319-03524-6_40},
  crossref  = {DBLP:conf/aiia/2013},
  bibsource = {DBLP, http://dblp.uni-trier.de}
}

@proceedings{DBLP:conf/aiia/2013,
  editor    = {Matteo Baldoni and
               Cristina Baroglio and
               Guido Boella and
               Roberto Micalizio},
  title     = {AI*IA 2013: Advances in Artificial Intelligence - XIIIth
               International Conference of the Italian Association for
               Artificial Intelligence, Turin, Italy, December 4-6, 2013.
               Proceedings},
  booktitle = {AI*IA},
  publisher = {Springer},
  series    = {Lecture Notes in Computer Science},
  volume    = {8249},
  year      = {2013},
  isbn      = {978-3-319-03523-9},
  ee        = {http://dx.doi.org/10.1007/978-3-319-03524-6},
  bibsource = {DBLP, http://dblp.uni-trier.de}
}


@article{schafer2002missing,
  title={Missing data: our view of the state of the art},
  author={Schafer, Joseph L and Graham, John W},
  journal={Psychological methods},
  volume={7},
  number={2},
  pages={147},
  year={2002},
  publisher={American Psychological Association}
}

@inproceedings{Aalst13,
  author    = {Wil M. P. van der Aalst},
  title     = {{Challenges in Service Mining: Record, Check, Discover}},
  booktitle = {ICWE},
  year      = {2013},
  pages     = {1-4},
  ee        = {http://dx.doi.org/10.1007/978-3-642-39200-9_1},
  crossref  = {DBLP:conf/icwe/2013},
  bibsource = {DBLP, http://dblp.uni-trier.de}
}

@proceedings{DBLP:conf/icwe/2013,
  editor    = {Florian Daniel and
               Peter Dolog and
               Qing Li},
  title     = {{Web Engineering - 13th International Conference, ICWE 2013,
               Aalborg, Denmark, July 8-12, 2013. Proceedings}},
  booktitle = {ICWE},
  publisher = {Springer},
  series    = {Lecture Notes in Computer Science},
  volume    = {7977},
  year      = {2013},
  isbn      = {978-3-642-39199-6},
  ee        = {http://dx.doi.org/10.1007/978-3-642-39200-9},
  bibsource = {DBLP, http://dblp.uni-trier.de}
}


@article{baskett1975open,
  title={Open, closed, and mixed networks of queues with different classes of customers},
  author={Baskett, Forest and Chandy, K Mani and Muntz, Richard R and Palacios, Fernando G},
  journal={Journal of the ACM (JACM)},
  volume={22},
  number={2},
  pages={248--260},
  year={1975},
  publisher={ACM}
}
@article{gordon1967cyclic,
  title={Cyclic queuing systems with restricted length queues},
  author={Gordon, William J and Newell, Gordon F},
  journal={Operations Research},
  volume={15},
  number={2},
  pages={266--277},
  year={1967},
  publisher={INFORMS}
}

@article{jackson1963jobshop,
  title={{Jobshop-like Queuing Network}},
  author={Jackson, JR},
  journal={Management Science},
  volume={19},
  number={1},
  pages={131--142},
  year={1963}
}
@techreport{bause1993qn,
  title={{"QN+PN=QPN" - Combining Queueing Networks and Petri Nets}},
  author={Bause, Falko},
  year={1993},
  publisher={Citeseer}
}
@article{chandy1977product,
  title={Product form and local balance in queueing networks},
  author={Chandy, K Mani and Howard Jr, John H and Towsley, Donald F},
  journal={Journal of the ACM (JACM)},
  volume={24},
  number={2},
  pages={250--263},
  year={1977},
  publisher={ACM}
}
@article{kounev2006simqpn,
  title={{SimQPN—A tool and methodology for analyzing queueing Petri net models by means of simulation}},
  author={Kounev, Samuel and Buchmann, Alejandro},
  journal={Performance Evaluation},
  volume={63},
  number={4},
  pages={364--394},
  year={2006},
  publisher={Elsevier}
}
@inproceedings{menasce2011methodology,
  title={{A Methodology for Combinining GSPNs and QNs}},
  author={Menasc{\'e}, D},
  booktitle={Computer Measurement Group Conference},
  year={2011}
}


@techreport{vemon1986comparison,
  title={{A comparison of performance Petri nets and queueing network models}},
  author={Vemon, Mary and Zahorjan, John and Lazowska, Edward D},
  year={1986},
  institution={Technical Report 86-09-09, University of Washington, Dept. of Computer Science}
}

@article{BeckerS99,
  author    = {Matthias Becker and
               Helena Szczerbicka},
  title     = {{PNiQ: Intergration of queuing networks in generalised stochastic
               Petri nets}},
  journal   = {IEE Proceedings - Software},
  volume    = {146},
  number    = {1},
  year      = {1999},
  pages     = {27-32},
  bibsource = {DBLP, http://dblp.uni-trier.de}
}
@inproceedings{BauseK94,
  author    = {Falko Bause and
               Peter Kemper},
  title     = {{QPN - Tool for Qualitative and Quantitative Analysis of Queueing
               Petri Nets}},
  booktitle = {Computer Performance Evaluation},
  year      = {1994},
  pages     = {321-334},
  ee        = {http://dx.doi.org/10.1007/3-540-58021-2_18},
  crossref  = {DBLP:conf/cpe/1994},
  bibsource = {DBLP, http://dblp.uni-trier.de}
}

@proceedings{DBLP:conf/cpe/1994,
  editor    = {G{\"u}nter Haring and
               Gabriele Kotsis},
  title     = {Computer Performance Evaluation, Modeling Techniques and
               Tools, 7th International Conference, Vienna, Austria, May
               3-6, 1994, Proceedings},
  booktitle = {Computer Performance Evaluation},
  publisher = {Springer},
  series    = {Lecture Notes in Computer Science},
  volume    = {794},
  year      = {1994},
  isbn      = {3-540-58021-2},
  bibsource = {DBLP, http://dblp.uni-trier.de}
}

@article{balbo1988combining,
  title={{Combining queueing networks and generalized stochastic Petri nets for the solution of complex models of system behavior}},
  author={Balbo, Gianfranco and Bruell, Steven C. and Ghanta, Subbarao},
  journal={Computers, IEEE Transactions on},
  volume={37},
  number={10},
  pages={1251--1268},
  year={1988},
  publisher={IEEE}
}

@incollection{mandelbaum2007EA,
  title={{Service engineering in action: the Palm/Erlang-A queue, with applications to call centers}},
  author={Mandelbaum, Avi and Zeltyn, Sergey},
  booktitle={Advances In Services Innovations},
  pages={17--45},
  year={2007},
  publisher={Springer}
}

@article{yom2010erlang,
  title={{The Erlang-R queue: time-varying QED queues with re-entrant customers in support of healthcare staffing}},
  author={Yom-Tov, G and Mandelbaum, A},
  journal={preprint},
  year={2010}
}

@book{Daskin,
  title={{Service Science}},
  author={Daskin, Mark S},
  year={2011},
  publisher={Wiley. com}
}

@book{haas2002stochastic,
  title={Stochastic Petri Nets: Modelling, Stability, Simulation},
  author={Haas, Peter J},
  year={2002},
  publisher={Springer}
}

@inproceedings{AdriansyahMCDA12,
  author    = {Arya Adriansyah and
               Jorge Munoz-Gama and
               Josep Carmona and
               Boudewijn F. van Dongen and
               Wil M. P. van der Aalst},
  title     = {{Alignment Based Precision Checking}},
  booktitle = {Business Process Management Workshops},
  year      = {2012},
  pages     = {137-149},
  ee        = {http://dx.doi.org/10.1007/978-3-642-36285-9_15},
  crossref  = {DBLP:conf/bpm/2012w},
  bibsource = {DBLP, http://dblp.uni-trier.de}
}
@inproceedings{Sargent11,
  author    = {Robert G. Sargent},
  title     = {{Verification and validation of simulation models}},
  booktitle = {Winter Simulation Conference},
  year      = {2011},
  pages     = {183-198},
  ee        = {http://dl.acm.org/citation.cfm?id=2431538},
  crossref  = {DBLP:conf/wsc/2011},
  bibsource = {DBLP, http://dblp.uni-trier.de}
}

@proceedings{DBLP:conf/wsc/2011,
  editor    = {S. Jain and
               Roy R. Creasey Jr. and
               Jan Himmelspach and
               K. Preston White and
               Michael C. Fu},
  title     = {Winter Simulation Conference 2011, WSC'11, Phoenix, AZ,
               USA, December 11-14, 2011},
  booktitle = {Winter Simulation Conference},
  publisher = {WSC},
  year      = {2011},
  ee        = {http://dl.acm.org/citation.cfm?id=2431518, http://ieeexplore.ieee.org/xpl/mostRecentIssue.jsp?punumber=6135535},
  bibsource = {DBLP, http://dblp.uni-trier.de}
}

@proceedings{DBLP:conf/bpm/2012w,
  editor    = {Marcello La Rosa and
               Pnina Soffer},
  title     = {Business Process Management Workshops - BPM 2012 International
               Workshops, Tallinn, Estonia, September 3, 2012. Revised
               Papers},
  booktitle = {Business Process Management Workshops},
  publisher = {Springer},
  series    = {Lecture Notes in Business Information Processing},
  volume    = {132},
  year      = {2013},
  isbn      = {978-3-642-36284-2},
  ee        = {http://dx.doi.org/10.1007/978-3-642-36285-9},
  bibsource = {DBLP, http://dblp.uni-trier.de}
}

@article{BoseA12,
  author    = {R. P. Jagadeesh Chandra Bose and
               Wil M. P. van der Aalst},
  title     = {{Process diagnostics using trace alignment: Opportunities,
               issues, and challenges}},
  journal   = {Inf. Syst.},
  volume    = {37},
  number    = {2},
  year      = {2012},
  pages     = {117-141},
  ee        = {http://dx.doi.org/10.1016/j.is.2011.08.003},
  bibsource = {DBLP, http://dblp.uni-trier.de}
}

@article{weidlich2011process,
  title={{Process compliance analysis based on behavioural profiles}},
  author={Weidlich, Matthias and Polyvyanyy, Artem and Desai, Nirmit and Mendling, Jan and Weske, Mathias},
  journal={Information Systems},
  volume={36},
  number={7},
  pages={1009--1025},
  year={2011},
  publisher={Elsevier}
}

@inproceedings{RamezaniFA12,
  author    = {Elham Ramezani and
               Dirk Fahland and
               Wil M. P. van der Aalst},
  title     = {{Where Did I Misbehave? Diagnostic Information in Compliance
               Checking}},
  booktitle = {BPM},
  year      = {2012},
  pages     = {262-278},
  ee        = {http://dx.doi.org/10.1007/978-3-642-32885-5_21},
  crossref  = {DBLP:conf/bpm/2012},
  bibsource = {DBLP, http://dblp.uni-trier.de}
}

@proceedings{DBLP:conf/bpm/2012,
  editor    = {Alistair P. Barros and
               Avigdor Gal and
               Ekkart Kindler},
  title     = {Business Process Management - 10th International Conference,
               BPM 2012, Tallinn, Estonia, September 3-6, 2012. Proceedings},
  booktitle = {BPM},
  publisher = {Springer},
  series    = {Lecture Notes in Computer Science},
  volume    = {7481},
  year      = {2012},
  isbn      = {978-3-642-32884-8},
  ee        = {http://dx.doi.org/10.1007/978-3-642-32885-5},
  bibsource = {DBLP, http://dblp.uni-trier.de}
}


@article{van2010process,
  title={Process mining: a two-step approach to balance between underfitting and overfitting},
  author={Wil M. P. van der Aalst and Rubin, Vladimir and Verbeek, HMW and van Dongen, Boudewijn F and Kindler, Ekkart and G{\"u}nther, Christian W},
  journal={Software \& Systems Modeling},
  volume={9},
  number={1},
  pages={87--111},
  year={2010},
  publisher={Springer}
}
@inproceedings{AalstBD05,
  author    = {Wil M. P. van der Aalst and
               H. T. de Beer and
               Boudewijn F. van Dongen},
  title     = {{Process Mining and Verification of Properties: An Approach
               Based on Temporal Logic}},
  booktitle = {OTM Conferences (1)},
  year      = {2005},
  pages     = {130-147},
  ee        = {http://dx.doi.org/10.1007/11575771_11},
  crossref  = {DBLP:conf/otm/2005-3},
  bibsource = {DBLP, http://dblp.uni-trier.de}
}

@proceedings{DBLP:conf/otm/2005-3,
  editor    = {Robert Meersman and
               Zahir Tari and
               Mohand-Said Hacid and
               John Mylopoulos and
               Barbara Pernici and
               {\"O}zalp Babaoglu and
               Hans-Arno Jacobsen and
               Joseph P. Loyall and
               Michael Kifer and
               Stefano Spaccapietra},
  title     = {On the Move to Meaningful Internet Systems 2005: CoopIS,
               DOA, and ODBASE, OTM Confederated International Conferences
               CoopIS, DOA, and ODBASE 2005, Agia Napa, Cyprus, October
               31 - November 4, 2005, Proceedings, Part I},
  booktitle = {OTM Conferences (1)},
  publisher = {Springer},
  series    = {Lecture Notes in Computer Science},
  volume    = {3760},
  year      = {2005},
  isbn      = {3-540-29736-7},
  bibsource = {DBLP, http://dblp.uni-trier.de}
}

@inproceedings{BoseAZP11,
  author    = {R. P. Jagadeesh Chandra Bose and
               Wil M. P. van der Aalst and
               Indre Zliobaite and
               Mykola Pechenizkiy},
  title     = {{Handling Concept Drift in Process Mining}},
  booktitle = {CAiSE},
  year      = {2011},
  pages     = {391-405},
  ee        = {http://dx.doi.org/10.1007/978-3-642-21640-4_30},
  crossref  = {DBLP:conf/caise/2011},
  bibsource = {DBLP, http://dblp.uni-trier.de}
}

@proceedings{DBLP:conf/caise/2011,
  editor    = {Haralambos Mouratidis and
               Colette Rolland},
  title     = {Advanced Information Systems Engineering - 23rd International
               Conference, CAiSE 2011, London, UK, June 20-24, 2011. Proceedings},
  booktitle = {CAiSE},
  publisher = {Springer},
  series    = {Lecture Notes in Computer Science},
  volume    = {6741},
  year      = {2011},
  isbn      = {978-3-642-21639-8},
  ee        = {http://dx.doi.org/10.1007/978-3-642-21640-4},
  bibsource = {DBLP, http://dblp.uni-trier.de}
}




@inproceedings{SchonenbergWDA08,
  author    = {Helen Schonenberg and
               Barbara Weber and
               Boudewijn F. van Dongen and
               Wil M. P. van der Aalst},
  title     = {{Supporting Flexible Processes through Recommendations Based
               on History}},
  booktitle = {BPM},
  year      = {2008},
  pages     = {51-66},
  ee        = {http://dx.doi.org/10.1007/978-3-540-85758-7_7},
  crossref  = {DBLP:conf/bpm/2008},
  bibsource = {DBLP, http://dblp.uni-trier.de}
}

@proceedings{DBLP:conf/bpm/2008,
  editor    = {Marlon Dumas and
               Manfred Reichert and
               Ming-Chien Shan},
  title     = {Business Process Management, 6th International Conference,
               BPM 2008, Milan, Italy, September 2-4, 2008. Proceedings},
  booktitle = {BPM},
  publisher = {Springer},
  series    = {Lecture Notes in Computer Science},
  volume    = {5240},
  year      = {2008},
  isbn      = {978-3-540-85757-0},
  bibsource = {DBLP, http://dblp.uni-trier.de}
}


@inproceedings{MaggiMWA11,
  author    = {Fabrizio Maria Maggi and
               Marco Montali and
               Michael Westergaard and
               Wil M. P. van der Aalst},
  title     = {{Monitoring Business Constraints with Linear Temporal Logic:
               An Approach Based on Colored Automata}},
  booktitle = {BPM},
  year      = {2011},
  pages     = {132-147},
  ee        = {http://dx.doi.org/10.1007/978-3-642-23059-2_13},
  crossref  = {DBLP:conf/bpm/2011},
  bibsource = {DBLP, http://dblp.uni-trier.de}
}

@proceedings{DBLP:conf/bpm/2011,
  editor    = {Stefanie Rinderle-Ma and
               Farouk Toumani and
               Karsten Wolf},
  title     = {Business Process Management - 9th International Conference,
               BPM 2011, Clermont-Ferrand, France, August 30 - September
               2, 2011. Proceedings},
  booktitle = {BPM},
  publisher = {Springer},
  series    = {Lecture Notes in Computer Science},
  volume    = {6896},
  year      = {2011},
  isbn      = {978-3-642-23058-5},
  ee        = {http://dx.doi.org/10.1007/978-3-642-23059-2},
  bibsource = {DBLP, http://dblp.uni-trier.de}
}



@article{weijters2003rediscovering,
  title={Rediscovering workflow models from event-based data using little thumb},
  author={Weijters, Anton JMM and Wil M. P. van der Aalst},
  journal={Integrated Computer-Aided Engineering},
  volume={10},
  number={2},
  pages={151--162},
  year={2003},
  publisher={IOS Press}
}

@inproceedings{WeijtersR11,
  author    = {A. J. M. M. Weijters and
               J. T. S. Ribeiro},
  title     = {{Flexible Heuristics Miner (FHM)}},
  booktitle = {CIDM},
  year      = {2011},
  pages     = {310-317},
  ee        = {http://dx.doi.org/10.1109/CIDM.2011.5949453},
  crossref  = {DBLP:conf/cidm/2011},
  bibsource = {DBLP, http://dblp.uni-trier.de}
}

@proceedings{DBLP:conf/cidm/2011,
  title     = {Proceedings of the IEEE Symposium on Computational Intelligence
               and Data Mining, CIDM 2011, part of the IEEE Symposium Series
               on Computational Intelligence 2011, April 11-15, 2011, Paris,
               France},
  booktitle = {CIDM},
  publisher = {IEEE},
  year      = {2011},
  isbn      = {978-1-4244-9925-0},
  bibsource = {DBLP, http://dblp.uni-trier.de}
}



@article{MedeirosWA07,
  author    = {Ana Karla A. de Medeiros and
               A. J. M. M. Weijters and
               Wil M. P. van der Aalst},
  title     = {{Genetic process mining: an experimental evaluation}},
  journal   = {Data Min. Knowl. Discov.},
  volume    = {14},
  number    = {2},
  year      = {2007},
  pages     = {245-304},
  ee        = {http://dx.doi.org/10.1007/s10618-006-0061-7},
  bibsource = {DBLP, http://dblp.uni-trier.de}
}

@inproceedings{GuntherA07,
  author    = {Christian W. G{\"u}nther and
               Wil M. P. van der Aalst},
  title     = {{Fuzzy Mining - Adaptive Process Simplification Based on
               Multi-perspective Metrics}},
  booktitle = {BPM},
  year      = {2007},
  pages     = {328-343},
  ee        = {http://dx.doi.org/10.1007/978-3-540-75183-0_24},
  crossref  = {DBLP:conf/bpm/2007},
  bibsource = {DBLP, http://dblp.uni-trier.de}
}

@proceedings{DBLP:conf/bpm/2007,
  editor    = {Gustavo Alonso and
               Peter Dadam and
               Michael Rosemann},
  title     = {Business Process Management, 5th International Conference,
               BPM 2007, Brisbane, Australia, September 24-28, 2007, Proceedings},
  booktitle = {BPM},
  publisher = {Springer},
  series    = {Lecture Notes in Computer Science},
  volume    = {4714},
  year      = {2007},
  isbn      = {978-3-540-75182-3},
  bibsource = {DBLP, http://dblp.uni-trier.de}
}


@book{fitzsimmons2004service,
  title={Service Management: Operations, Strategy, Information technology},
  author={Fitzsimmons, James A and Fitzsimmons, Mona J},
  year={2004},
  publisher={McGraw-Hill/Irwin Boston}
}

@book{LaRosa,
  author    = {Marlon Dumas and
               Marcello La Rosa and
               Jan Mendling and
               Hajo A. Reijers},
  title     = {Fundamentals of Business Process Management},
  publisher = {Springer},
  year      = {2013},
  isbn      = {978-3-642-33142-8},
  pages     = {I-XXVII, 1-399},
  ee        = {http://dx.doi.org/10.1007/978-3-642-33143-5},
  bibsource = {DBLP, http://dblp.uni-trier.de}
}

@inproceedings{2013discovering,
  title={{Discovering stochastic Petri nets with arbitrary delay distributions from event logs}},
  author={Rogge-Solti, Andreas and Wil M. P. van der Aalst and Weske, Mathias},
  booktitle={BPM Workshops},
  year={2013}
}

@inproceedings{van2010beyond,
  title={Beyond process mining: from the past to present and future},
  author={Wil M. P. van der Aalst and Pesic, Maja and Song, Minseok},
  booktitle={Advanced Information Systems Engineering},
  pages={38--52},
  year={2010},
  organization={Springer}
}

@article{van2008business,
  title={{Business Process Simulation: How to get it right}},
  author={Wil M. P. van der Aalst and Nakatumba, J and Rozinat, A and Russell, N},
  journal={BPM Center Report BPM-08-07, BPMcenter. org},
  year={2008},
  publisher={Citeseer}
}

@inproceedings{Rogge-SoltiMAW13,
  author    = {Andreas Rogge-Solti and
               Ronny Mans and
               Wil M. P. van der Aalst and
               Mathias Weske},
  title     = {{Repairing Event Logs Using Timed Process Models}},
  booktitle = {OTM Workshops},
  year      = {2013},
  pages     = {705-708},
  ee        = {http://dx.doi.org/10.1007/978-3-642-41033-8_89},
  crossref  = {DBLP:conf/otm/2013-w},
  bibsource = {DBLP, http://dblp.uni-trier.de}
}

@proceedings{DBLP:conf/otm/2013-w,
  editor    = {Yan Tang Demey and
               Herv{\'e} Panetto},
  title     = {On the Move to Meaningful Internet Systems: OTM 2013 Workshops
               - Confederated International Workshops: OTM Academy, OTM
               Industry Case Studies Program, ACM, EI2N, ISDE, META4eS,
               ORM, SeDeS, SINCOM, SMS, and SOMOCO 2013, Graz, Austria,
               September 9 - 13, 2013, Proceedings},
  booktitle = {OTM Workshops},
  publisher = {Springer},
  series    = {Lecture Notes in Computer Science},
  volume    = {8186},
  year      = {2013},
  isbn      = {978-3-642-41032-1},
  ee        = {http://dx.doi.org/10.1007/978-3-642-41033-8},
  bibsource = {DBLP, http://dblp.uni-trier.de}
}


@inproceedings{Rogge-SoltiW13,
  author    = {Andreas Rogge-Solti and
               Mathias Weske},
  title     = {{Prediction of Remaining Service Execution Time Using Stochastic
               Petri Nets with Arbitrary Firing Delays}},
  booktitle = {ICSOC},
  year      = {2013},
  pages     = {389-403},
  ee        = {http://dx.doi.org/10.1007/978-3-642-45005-1_27},
  crossref  = {DBLP:conf/icsoc/2013},
  bibsource = {DBLP, http://dblp.uni-trier.de}
}

@proceedings{DBLP:conf/icsoc/2013,
  editor    = {Samik Basu and
               Cesare Pautasso and
               Liang Zhang and
               Xiang Fu},
  title     = {Service-Oriented Computing - 11th International Conference,
               ICSOC 2013, Berlin, Germany, December 2-5, 2013, Proceedings},
  booktitle = {ICSOC},
  publisher = {Springer},
  series    = {Lecture Notes in Computer Science},
  volume    = {8274},
  year      = {2013},
  isbn      = {978-3-642-45004-4},
  ee        = {http://dx.doi.org/10.1007/978-3-642-45005-1},
  bibsource = {DBLP, http://dblp.uni-trier.de}
}



@article{AalstRS05,
  author    = {Wil M. P. van der Aalst and
               Hajo A. Reijers and
               Minseok Song},
  title     = {{Discovering Social Networks from Event Logs}},
  journal   = {Computer Supported Cooperative Work},
  volume    = {14},
  number    = {6},
  year      = {2005},
  pages     = {549-593},
  ee        = {http://dx.doi.org/10.1007/s10606-005-9005-9},
  bibsource = {DBLP, http://dblp.uni-trier.de}
}

@inproceedings{RozinatA06,
  author    = {Anne Rozinat and
               Wil M. P. van der Aalst},
  title     = {{Decision Mining in ProM}},
  booktitle = {Business Process Management},
  year      = {2006},
  pages     = {420-425},
  ee        = {http://dx.doi.org/10.1007/11841760_33},
  crossref  = {DBLP:conf/bpm/2006},
  bibsource = {DBLP, http://dblp.uni-trier.de}
}

@proceedings{DBLP:conf/bpm/2006,
  editor    = {Schahram Dustdar and
               Jos{\'e} Luiz Fiadeiro and
               Amit P. Sheth},
  title     = {Business Process Management, 4th International Conference,
               BPM 2006, Vienna, Austria, September 5-7, 2006, Proceedings},
  booktitle = {BPM},
  publisher = {Springer},
  series    = {Lecture Notes in Computer Science},
  volume    = {4102},
  year      = {2006},
  isbn      = {3-540-38901-6},
  bibsource = {DBLP, http://dblp.uni-trier.de}
}




@inproceedings{AdriansyahDA11,
  author    = {Arya Adriansyah and
               Boudewijn F. van Dongen and
               Wil M. P. van der Aalst},
  title     = {{Conformance Checking Using Cost-Based Fitness Analysis}},
  booktitle = {EDOC},
  year      = {2011},
  pages     = {55-64},
  ee        = {http://doi.ieeecomputersociety.org/10.1109/EDOC.2011.12},
  crossref  = {DBLP:conf/edoc/2011},
  bibsource = {DBLP, http://dblp.uni-trier.de}
}
@inproceedings{de2012data,
  title={{Data-and Resource-Aware Conformance Checking of Business Processes}},
  author={de Leoni, Massimiliano and Wil M. P. van der Aalst and van Dongen, Boudewijn F},
  booktitle={Business Information Systems},
  pages={48--59},
  year={2012},
  organization={Springer}
}
@proceedings{DBLP:conf/edoc/2011,
  title     = {Proceedings of the 15th IEEE International Enterprise Distributed
               Object Computing Conference, EDOC 2011, Helsinki, Finland,
               August 29 - September 2, 2011},
  booktitle = {EDOC},
  publisher = {IEEE Computer Society},
  year      = {2011},
  isbn      = {978-1-4577-0362-1},
  ee        = {http://ieeexplore.ieee.org/xpl/mostRecentIssue.jsp?punumber=6036128},
  bibsource = {DBLP, http://dblp.uni-trier.de}
}


@article{cook1999software,
  title={{Software process validation: quantitatively measuring the correspondence of a process to a model}},
  author={Cook, Jonathan E and Wolf, Alexander L},
  journal={ACM Transactions on Software Engineering and Methodology (TOSEM)},
  volume={8},
  number={2},
  pages={147--176},
  year={1999},
  publisher={ACM}
}
@article{fahland2013model,
  title={{Model Repair—Aligning Process Models to Reality}},
  author={Fahland, Dirk and Wil M. P. van der Aalst},
  journal={Information Systems},
  year={2013},
  publisher={Elsevier}
}

@article{RozinatConf,
  author    = {Anne Rozinat and
               Wil M. P. van der Aalst},
  title     = {Conformance checking of processes based on monitoring real
               behavior},
  journal   = {Inf. Syst.},
  volume    = {33},
  number    = {1},
  year      = {2008},
  pages     = {64-95},
  ee        = {http://dx.doi.org/10.1016/j.is.2007.07.001},
  bibsource = {DBLP, http://dblp.uni-trier.de}
}


@book{PetriBook,
  title={Stochastic Petri Nets},
  author={Bause, Falko and Kritzinger, Pieter S},
  year={2002},
  publisher={Springer}
}
@article{AalstAlpha,
  author    = {Wil M. P. van der Aalst and
               Ton Weijters and
               Laura Maruster},
  title     = {{Workflow Mining: Discovering Process Models from Event Logs}},
  journal   = {IEEE Trans. Knowl. Data Eng.},
  volume    = {16},
  number    = {9},
  year      = {2004},
  pages     = {1128-1142},
  ee        = {http://doi.ieeecomputersociety.org/10.1109/TKDE.2004.39},
  bibsource = {DBLP, http://dblp.uni-trier.de}
}
@incollection{van1997verification,
  title={Verification of workflow nets},
  author={Wil M. P. van der Aalst},
  booktitle={Application and Theory of Petri Nets 1997},
  pages={407--426},
  year={1997},
  publisher={Springer}
}
@book{kalbfleisch2011statistical,
  title={The Statistical Analysis of Failure Time Data},
  author={Kalbfleisch, John D and Prentice, Ross L},
  volume={360},
  year={2011},
  publisher={John Wiley \& Sons}
}

@inproceedings{NakatumbaA09,
  author    = {Joyce Nakatumba and
               Wil M. P. van der Aalst},
  title     = {{Analyzing Resource Behavior Using Process Mining}},
  booktitle = {Business Process Management Workshops},
  year      = {2009},
  pages     = {69-80},
  ee        = {http://dx.doi.org/10.1007/978-3-642-12186-9_8},
  crossref  = {DBLP:conf/bpm/2009w},
  bibsource = {DBLP, http://dblp.uni-trier.de}
}

@proceedings{DBLP:conf/bpm/2009w,
  editor    = {Stefanie Rinderle-Ma and
               Shazia Wasim Sadiq and
               Frank Leymann},
  title     = {Business Process Management Workshops, BPM 2009 International
               Workshops, Ulm, Germany, September 7, 2009. Revised Papers},
  booktitle = {Business Process Management Workshops},
  publisher = {Springer},
  series    = {Lecture Notes in Business Information Processing},
  volume    = {43},
  year      = {2010},
  isbn      = {978-3-642-12185-2},
  ee        = {http://dx.doi.org/10.1007/978-3-642-12186-9},
  bibsource = {DBLP, http://dblp.uni-trier.de}
}

@mastersthesis{senderovich2012multi,
  title={{Multi-Level Workforce Planning in Call Centers}},
  author={Senderovich, Arik},
  year={2012}
}
@mastersthesis{Itamar,
  title={{The Offered Load in Fork Join Networks: Calculations and Applications to Service Engineering of Emergency Department}},
  author={Zaied, Itamar},
  year={2012}
}

@article{larson1990queue,
  title={{The queue inference engine: Deducing queue statistics from transactional data}},
  author={Larson, Richard C},
  journal={Management Science},
  volume={36},
  number={5},
  pages={586--601},
  year={1990},
  publisher={INFORMS}
}


@article{mandelbaum1998estimating,
  title={Estimating characteristics of queueing networks using transactional data},
  author={Mandelbaum, Avi and Zeltyn, Sergey},
  journal={Queueing systems},
  volume={29},
  number={1},
  pages={75--127},
  year={1998},
  publisher={Springer}
}


@inproceedings{RoggeRepair,
  author    = {Andreas Rogge-Solti and
               Ronny Mans and
               Wil M. P. van der Aalst and
               Mathias Weske},
  title     = {{Repairing Event Logs Using Timed Process Models}},
  booktitle = {OTM Workshops},
  year      = {2013},
  pages     = {705-708},
  ee        = {http://dx.doi.org/10.1007/978-3-642-41033-8_89},
  crossref  = {DBLP:conf/otm/2013-w},
  bibsource = {DBLP, http://dblp.uni-trier.de}
}

@proceedings{DBLP:conf/otm/2013-w,
  editor    = {Yan Tang Demey and
               Herv{\'e} Panetto},
  title     = {On the Move to Meaningful Internet Systems: OTM 2013 Workshops
               - Confederated International Workshops: OTM Academy, OTM
               Industry Case Studies Program, ACM, EI2N, ISDE, META4eS,
               ORM, SeDeS, SINCOM, SMS, and SOMOCO 2013, Graz, Austria,
               September 9 - 13, 2013, Proceedings},
  booktitle = {OTM Workshops},
  publisher = {Springer},
  series    = {Lecture Notes in Computer Science},
  volume    = {8186},
  year      = {2013},
  isbn      = {978-3-642-41032-1},
  ee        = {http://dx.doi.org/10.1007/978-3-642-41033-8},
  bibsource = {DBLP, http://dblp.uni-trier.de}
}

@techreport{senderovichqueue,
  title={{Queue Mining--Predicting Delays in Service Processes}},
  author={Senderovich, Arik and Weidlich, Matthias and Gal, Avigdor and Mandelbaum, Avi},
  insitution = {Technion},
  year={2013}
}

@phdthesis{NakatumbaPHD,
  author       = {Joyce Nakatumba}, 
  title        = {{Resource-Aware Business Process Management: Analysis and Support}},
  school       = {Technische Universiteit Eindhoven},
  year         = 2013,
  address      = {Eindhoven},
  month        = 12,
  }



@techreport{mandelbaum2007service,
  title={{Service engineering (science, management): A subjective view}},
  author={Mandelbaum, Avi},
  year={2007},
  institution={Technical report, Technion-Israel Institute of Technology}
}
@inproceedings{PMManifesto,
  author    = {IEEE TASK FORCE ON PROCESS MINING.},
  title     = {{Process Mining Manifesto}},
  booktitle = {Business Process Management Workshops (1)},
  year      = {2011},
  pages     = {169-194},
  ee        = {http://dx.doi.org/10.1007/978-3-642-28108-2_19},
  crossref  = {DBLP:conf/bpm/2011w1},
  bibsource = {DBLP, http://dblp.uni-trier.de}
}

@proceedings{DBLP:conf/bpm/2011w1,
  editor    = {Florian Daniel and
               Kamel Barkaoui and
               Schahram Dustdar},
  title     = {Business Process Management Workshops - BPM 2011 International
               Workshops, Clermont-Ferrand, France, August 29, 2011, Revised
               Selected Papers, Part I},
  booktitle = {Business Process Management Workshops (1)},
  publisher = {Springer},
  series    = {Lecture Notes in Business Information Processing},
  volume    = {99},
  year      = {2012},
  isbn      = {978-3-642-28107-5},
  ee        = {http://dx.doi.org/10.1007/978-3-642-28108-2},
  bibsource = {DBLP, http://dblp.uni-trier.de}
}

@article{mirkis2014landmarks,
	title={Landmarks in oversubscription planning},
	author={Mirkis, Vitaly and Domshlak, Carmel},
	journal={Heuristics and Search for Domain Independent Planning},
	pages={45},
	year={2014}
}


@article{PMOverview,
  author    = {Wil M. P. van der Aalst},
  title     = {{Process Mining: Overview and Opportunities}},
  journal   = {ACM Trans. Management Inf. Syst.},
  volume    = {3},
  number    = {2},
  year      = {2012},
  pages     = {7},
  ee        = {http://doi.acm.org/10.1145/2229156.2229157},
  bibsource = {DBLP, http://dblp.uni-trier.de}
}
@inproceedings{smith2004choosing,
	title={Choosing Objectives in Over-Subscription Planning.},
	author={Smith, David E},
	booktitle={ICAPS},
	volume={4},
	pages={393},
	year={2004}
}
@article{harrison2002stochastic,
  title={{Stochastic networks and activity analysis}},
  author={Harrison, J Michael},
  journal={Translations of the American Mathematical Society-Series 2},
  volume={207},
  pages={53--76},
  year={2002},
  publisher={Providence [etc.] American Mathematical Society, 1949-}
}

@book{AalstBook,
  author    = {Wil M. P. van der Aalst},
  title     = {Process Mining - Discovery, Conformance and Enhancement
               of Business Processes},
  publisher = {Springer},
  year      = {2011},
  isbn      = {978-3-642-19344-6},
  pages     = {I-XVI, 1-352},
  ee        = {http://dx.doi.org/10.1007/978-3-642-19345-3},
  bibsource = {DBLP, http://dblp.uni-trier.de}
}
@article{adler1995project,
  title={From project to process management: an empirically-based framework for analyzing product development time},
  author={Adler, Paul S and Mandelbaum, Avi and Nguyen, Vi{\^e}n and Schwerer, Elizabeth},
  journal={Management Science},
  volume={41},
  number={3},
  pages={458--484},
  year={1995},
  publisher={INFORMS}
}
@article{AalstW04,
  author    = {Wil M. P. van der Aalst and
               A. J. M. M. Weijters},
  title     = {Process mining: a research agenda},
  journal   = {Computers in Industry},
  volume    = {53},
  number    = {3},
  year      = {2004},
  pages     = {231-244},
  ee        = {http://dx.doi.org/10.1016/j.compind.2003.10.001},
  bibsource = {DBLP, http://dblp.uni-trier.de}
}



@article{harrison1997dynamic,
  title={{Dynamic control of Brownian networks: state space collapse and equivalent workload formulations}},
  author={Harrison, J Michael and Van Mieghem, Jan A},
  journal={The Annals of Applied Probability},
  pages={747--771},
  year={1997},
  publisher={JSTOR}
}


@article{balsamo2012methodological,
  title={{Methodological construction of product-form stochastic Petri nets for performance evaluation}},
  author={Balsamo, Simonetta and Harrison, Peter G and Marin, Andrea},
  journal={Journal of Systems and Software},
  volume={85},
  number={7},
  pages={1520--1539},
  year={2012},
  publisher={Elsevier}
}
@article{silva2004fluidification,
  title={{On fluidification of Petri Nets: from discrete to hybrid and continuous models}},
  author={Silva, Manuel and Recalde, Laura},
  journal={Annual Reviews in Control},
  volume={28},
  number={2},
  pages={253--266},
  year={2004},
  publisher={Elsevier}
}
@book{Bolch,
  author    = {Gunter Bolch and
               Stefan Greiner and
               Hermann de Meer and
               Kishor S. Trivedi},
  title     = {Queueing Networks and Markov Chains - Modeling and Performance
               Evaluation with Computer Science Applications; 2nd Edition},
  publisher = {Wiley},
  year      = {2006},
  isbn      = {978-0-471-56525-3},
  pages     = {I-XVI, 1-878},
  ee        = {http://eu.wiley.com/WileyCDA/WileyTitle/productCd-0471565253.html},
  bibsource = {DBLP, http://dblp.uni-trier.de}
}
@book{hall1991queueing,
  title={Queueing Methods: For Services and Manufacturing},
  author={Hall, Randolph W},
   year={1991},
  publisher={Prentice Hall, Englewood Cliffs NJ}
}
@book{buzacott1993stochastic,
  title={Stochastic Models of Manufacturing Systems},
  author={Buzacott, John A and Shanthikumar, J George},
  year={1993},
  publisher={Prentice Hall, Englewood Cliffs, NJ}
}
@article{nguyen1994trouble,
  title={{The trouble with diversity: Fork-join networks with heterogeneous customer population}},
  author={Nguyen, Vi{\^e}n},
  journal={The Annals of Applied Probability},
  pages={1--25},
  year={1994},
  publisher={JSTOR}
}
@article{gans2003telephone,
  title={{Telephone call centers: Tutorial, review, and research prospects}},
  author={Gans, Noah and Koole, Ger and Mandelbaum, Avi},
  journal={Manufacturing \& Service Operations Management},
  volume={5},
  number={2},
  pages={79--141},
  year={2003},
  publisher={INFORMS}
}
@article{omg2011notation,
  title={{Notation (BPMN) 2.0}},
  author={OMG, Business Process Model},
  journal={Object Management Group: Needham, MA},
  volume={2494},
  pages={34},
  year={2011}
}
@book{manning2008introduction,
  title={Introduction to Information Retrieval},
  author={Manning, Christopher D and Raghavan, Prabhakar and Sch{\"u}tze, Hinrich},
  year={2008},
  publisher={Cambridge University, Press Cambridge}
}
@TECHREPORT{bpmn2011,
  title = {{Business Process Model and Notation (BPMN) Version 2.0}},
  institution = {{Object Management Group (OMG)}},
  year = {2011},
  month = {January}
}

@article{Schruben198275,
title = {{Some consequences of estimating parameters for the M/M/1 queue }},
journal = "Operations Research Letters ",
volume = "1",
number = "2",
pages = "75 - 78",
year = "1982",
note = "",
issn = "0167-6377",
doi = "http://dx.doi.org/10.1016/0167-6377(82)90051-7",
url = "http://www.sciencedirect.com/science/article/pii/0167637782900517",
author = "Lee Schruben and Radhika Kulkarni",
keywords = "Parameter estimation",
keywords = "queues "
}



@article {Houston,
author = {Houston, Mark B. and Bettencourt, Lance A. and Wenger, Sutha},
title = {{The relationship between waiting in a service queue and evaluations of service quality: A field theory perspective}},
journal = {Psychology and Marketing},
volume = {15},
number = {8},
publisher = {Wiley Subscription Services, Inc., A Wiley Company},
issn = {1520-6793},
url = {http://dx.doi.org/10.1002/(SICI)1520-6793(199812)15:8<735::AID-MAR2>3.0.CO;2-9},
doi = {10.1002/(SICI)1520-6793(199812)15:8<735::AID-MAR2>3.0.CO;2-9},
pages = {735--753},
year = {1998},
}

@incollection{schonenberg2008supporting,
  title={Supporting flexible processes through recommendations based on history},
  author={Schonenberg, Helen and Weber, Barbara and van Dongen, Boudewijn and Wil M. P. van der Aalst},
  booktitle={Business Process Management},
  pages={51--66},
  year={2008},
  publisher={Springer}
}
@article{van2008business,
  title={{Business Process Simulation: How to get it right}},
  author={Wil M. P. van der Aalst, WMP and Nakatumba, J and Rozinat, A and Russell, N},
  journal={BPM Center Report BPM-08-07, BPMcenter. org},
  year={2008},
  publisher={Citeseer}
}

@BOOK{Aalst,
  title = {Process Mining: Discovery, Conformance and Enhancement of Business
	Processes},
  publisher = {Springer},
  year = {2011},
  author = {Wil M. P. van der Aalst}
}

@INCOLLECTION{van2010business,
  author = {Wil M. P. van der Aalst},
  title = {{Business process simulation revisited}},
  booktitle = {Enterprise and Organizational Modeling and Simulation},
  publisher = {Springer},
  year = {2010},
  pages = {1--14}
}

@ARTICLE{van2011time,
  author = {Wil M. P. van der Aalst and Schonenberg, MH and Song, Minseok},
  title = {Time prediction based on process mining},
  journal = {Information Systems},
  year = {2011},
  volume = {36},
  pages = {450--475},
  number = {2},
  publisher = {Elsevier}
}

@ARTICLE{AalstWM04,
  author = {Wil M. P. van der Aalst and Ton Weijters and Laura Maruster},
  title = {{Workflow Mining: Discovering Process Models from Event Logs}},
  journal = {IEEE Trans. Knowl. Data Eng.},
  year = {2004},
  volume = {16},
  pages = {1128-1142},
  number = {9},
  bibsource = {DBLP, http://dblp.uni-trier.de},
  ee = {http://doi.ieeecomputersociety.org/10.1109/TKDE.2004.39}
}

@UNPUBLISHED{Armony,
  author = {Armony, M. and Israelit, S. and Mandelbaum, A. and Marmor, Y. and
	Tseytlin, Y. and Yom-Tov, G.},
  title = {{Patient Flow in Hospitals: A Data-Based Queueing-Science Perspective}},
  note = {Submitted to Stochastic Systems},
  year = {2011}
}

@ARTICLE{ArmonyNahum,
  author = {Armony, Mor and Shimkin, Nahum and Whitt, Ward},
  title = {{The Impact of Delay Announcements in Many-Server Queues with Abandonment}},
  journal = {Operations Research},
  year = {2009},
  volume = {57},
  pages = {66-81},
  number = {1},
  doi = {10.1287/opre.1080.0533},
  eprint = {http://or.journal.informs.org/content/57/1/66.full.pdf+html},
  url = {http://or.journal.informs.org/content/57/1/66.abstract}
}

@ARTICLE{Brown,
  author = {Brown, Lawrence and Gans, Noah and Mandelbaum, Avi and Sakov,
	Anat and Shen, Haipeng and Zeltyn, Sergey and Zhao, Linda},
  title = {{Statistical Analysis of a Telephone Call Center}},
  journal = {Journal of the American Statistical Association},
  year = {2005},
  volume = {100},
  pages = {36-50},
  number = {469},
  doi = {10.1198/016214504000001808},
  eprint = {http://www.tandfonline.com/doi/pdf/10.1198/016214504000001808},
  url = {http://www.tandfonline.com/doi/abs/10.1198/016214504000001808}
}

@INCOLLECTION{oldvAalst,
  author = {van Dongen, Boudewijn F and Crooy, RA and Wil M. P. van der Aalst},
  title = {{Cycle Time Prediction: When Will This Case Finally Be Finished?}},
  booktitle = {On the Move to Meaningful Internet Systems: OTM 2008},
  publisher = {Springer},
  year = {2008},
  pages = {319--336}
}

@INCOLLECTION{folino2012discovering,
  author = {Folino, Francesco and Guarascio, Massimo and Pontieri, Luigi},
  title = {{Discovering context-aware models for predicting business process
	performances}},
  booktitle = {On the Move to Meaningful Internet Systems: OTM 2012},
  publisher = {Springer},
  year = {2012},
  pages = {287--304}
}

@ARTICLE{Gans2003,
  author = {Gans, Noah and Koole, Ger and Mandelbaum, Avi},
  title = {{Telephone Call Centers: Tutorial, Review, and Research Prospects}},
  journal = {Manufacturing And Service Operations Management},
  year = {2003},
  volume = {5},
  pages = {79-141},
  number = {2},
  doi = {10.1287/msom.5.2.79.16071},
  eprint = {http://msom.journal.informs.org/content/5/2/79.full.pdf+html},
  url = {http://msom.journal.informs.org/content/5/2/79.abstract}
}

@ARTICLE{Gans,
  author = {Gans, N. and Zhou, Y-P.},
  title = {{Managing Turnover and Learning in Employee Staffing}},
  journal = {Operations Research},
  year = {2002},
  volume = {50},
  pages = {991--1006}
}

@BOOK{Gross,
  title = {Fundamentals of Queueing Theory},
  publisher = {John Whiley and Sons, INC.},
  year = {1998},
  author = {Gross, D. and Harris, C.M.}
}

@BOOK{Hastie,
  title = {The Elements of Statistical Learning},
  publisher = {Springer New York Inc.},
  year = {2001},
  author = {Hastie, Trevor and Tibshirani, Robert and Friedman, Jerome},
  series = {Springer Series in Statistics},
  address = {New York, NY, USA},
  added-at = {2008-05-16T16:17:42.000+0200},
  biburl = {http://www.bibsonomy.org/bibtex/2f58afc5c9793fcc8ad8389824e57984c/sb3000},
  interhash = {d585aea274f2b9b228fc1629bc273644},
  intrahash = {f58afc5c9793fcc8ad8389824e57984c},
  keywords = {ml statistics},
  timestamp = {2008-05-16T16:17:42.000+0200}
}

@BOOK{hillier1990intro,
  title = {Intro To Operations Research 8E (Iae)},
  publisher = {Tata McGraw-Hill Education},
  year = {1990},
  author = {Hillier, Frederick S}
}

@ARTICLE{Ibrahim1,
  author = {Ibrahim, Rouba and Whitt, Ward},
  title = {{Real-Time Delay Estimation Based on Delay History}},
  journal = {Manufacturing and Service Operations Management},
  year = {2009},
  volume = {11},
  pages = {397-415},
  number = {3},
  doi = {10.1287/msom.1080.0223},
  eprint = {http://msom.journal.informs.org/content/11/3/397.full.pdf+html},
  url = {http://msom.journal.informs.org/content/11/3/397.abstract}
}

@ARTICLE{Jouini,
  author = {Jouini, Oualid and Ak{\c{s}}in, Zeynep and Dallery, Yves},
  title = {{Call centers with delay information: Models and insights}},
  journal = {Manufacturing And Service Operations Management},
  year = {2011},
  volume = {13},
  pages = {534--548},
  number = {4},
  publisher = {INFORMS}
}

@UNPUBLISHED{GerKoole,
  author = {Jouini, O. and Koole, G. and Roubos, A.},
  title = {{Performance Indicators for Call Centers with Impatience}},
  note = {To appear in IIE Transactions},
  year = {2012},
  url = {https://www.sugarsync.com/pf/D6399822_2221750_771576}
}

@ARTICLE{Kendall,
  author = {Kendall, David G.},
  title = {{Stochastic Processes Occurring in the Theory of Queues and their
	Analysis by the Method of the Imbedded Markov Chain}},
  journal = {The Annals of Mathematical Statistics},
  year = {1953},
  volume = {24},
  pages = {pp. 338-354},
  number = {3},
  jstor_articletype = {research-article},
  jstor_formatteddate = {Sep., 1953},
  url = {http://www.jstor.org/stable/2236285}
}
@techreport{carmon1996experienced,
  title={{The experienced utility of queuing: real time affect and retrospective evaluations of simulated queues}},
  author={Carmon, Ziv and Kahneman, Daniel},
  year={1996},
  institution={Working paper, Duke University}
}
@ARTICLE{Larson,
  author = {Larson, Richard C.},
  title = {{Perspectives on Queues: Social Justice and the Psychology of Queueing}},
  journal = {Operations Research},
  year = {1987},
  volume = {35},
  pages = {895-905},
  number = {6},
  doi = {10.1287/opre.35.6.895},
  eprint = {http://or.journal.informs.org/content/35/6/895.full.pdf+html},
  url = {http://or.journal.informs.org/content/35/6/895.abstract}
}

@BOOK{Maister,
  title = {The psychology of waiting lines},
  publisher = {Harvard Business School},
  year = {1984},
  author = {Maister, David H}
}

@TECHREPORT{Sakov,
  author = {Mandelbaum, A. and Sakov, A. and Zeltyn, S.},
  title = {Empirical Analysis of a Call Center},
  institution = {Technion},
  year = {2000}
}

@INBOOK{Zeltyn,
  chapter = {1},
  pages = {17:45},
  title = {{Advances in Services Innovations}},
  publisher = {springer},
  year = {2007},
  author = {Mandelbaum, A. and Zeltyn, S.}
}

@MASTERSTHESIS{Nakibly,
  author = {Nakibly, Efrat},
  title = {{Predicting waiting times in telephone service systems}},
  school = {Technion--Israel Institute of Technology},
  year = {2002}
}

@MASTERSTHESIS{Reich,
  author = {Reich, M.},
  title = {{The Offered-Load Process: Modeling, Inference and Applications}},
  school = {Industrial Engineering and Management, The Technion},
  year = {2012}
}

@PHDTHESIS{Robbins,
  author = {Robbins, T.R.},
  title = {{Managing Service Capacity Under Uncertainty}},
  school = {College of Business, Graduate School Penn. State},
  year = {2007}
}


@article{rozinat2009discovering,
  author = {Rozinat, Anne and Mans, RS and Song, Minseok and Wil M. P. van der Aalst},
  title = {{Discovering simulation models}},
  journal = {Information Systems},
  year = {2009},
  volume = {34},
  pages = {305--327},
  number = {3},
  publisher = {Elsevier}
}

@article{rozinat2009workflow,
  author = {Rozinat, Anne and Wynn, Moe Thandar and Wil M. P. van der Aalst and
	ter Hofstede, Arthur HM and Fidge, Colin J},
  title = {{Workflow simulation for operational decision support}},
  journal = {Data \& Knowledge Engineering},
  year = {2009},
  volume = {68},
  pages = {834--850},
  number = {9},
  publisher = {Elsevier}
}

@BOOK{bernhardlearning,
  title = {Learning Theory and Kernel Machines},
  publisher = {Springer},
  author = {Bernhard. Sch{\"o}lkopf and Warmuth, Manfred K}
}

@INCOLLECTION{van2000workflow,
  author = {Wil M. P. van der Aalst},
  title = {{Workflow verification: Finding control-flow errors using petri-net-based
	techniques}},
  booktitle = {Business Process Management},
  publisher = {Springer},
  year = {2000},
  pages = {161--183}
}

@ARTICLE{van2004process,
  author = {Wil M. P. van der Aalst and Weijters, AJMM},
  title = {Process mining: a research agenda},
  journal = {Computers in industry},
  year = {2004},
  volume = {53},
  pages = {231--244},
  number = {3},
  publisher = {Elsevier}
}

@BOOK{Weske,
  author = {Weske, M.},
  title = {Business Process Management: Concepts, Languages, Architectures},
  publisher = {Springer},
  year = {2007}
 
}

@BOOK{WhittLimit,
  title = {Stochastic-process limits: an introduction to stochastic-process
	limits and their application to queues},
  publisher = {Springer},
  year = {2002},
  author = {Whitt, Ward}
}

@ARTICLE{Whitt99,
  author = {Whitt, W.},
  title = {{Predicting Queueing Delays}},
  journal = {Management Science},
  year = {1999},
  volume = {45},
  pages = {870-888},
  number = {6}
}

@ARTICLE{MSEMAE,
  author = {Willmott, Cort J and Matsuura, Kenji},
  title = {{Advantages of the mean absolute error (MAE) over the root mean square
	error (RMSE) in assessing average model performance}},
  journal = {Climate Research},
  year = {2005},
  volume = {30},
  pages = {79},
  number = {1},
  publisher = {INTER-RESEARCH NORDBUNTE 23, D-21385 OLDENDORF LUHE, GERMANY}
}

@ARTICLE{Woodside,
  author = {Woodside, C. Murray and Stanford, David A. and Pagurek, Bernard},
  title = {{Optimal Prediction of Queue Lengths and Delays in GI/M/m Multiserver
	Queues}},
  journal = {Operations Research},
  year = {1984},
  volume = {32},
  pages = {pp. 809-817},
  number = {4},
  abstract = {We present optimal mean square predictors for queue lengths and delays
	in the stationary GI/M/m queue, based on a queue length measurement.
	The development specifies interrelationships among these predictors
	and numerical examples demonstrate basic properties of the predictors.},
  copyright = {Copyright © 1984 INFORMS},
  issn = {0030364X},
  jstor_articletype = {research-article},
  jstor_formatteddate = {Jul. - Aug., 1984},
  language = {English},
  publisher = {INFORMS},
  url = {http://www.jstor.org/stable/170578}
}

@PROCEEDINGS{Amenta,
  title = {SCG '06: Proceedings of the twenty-second annual symposium on Computational
	geometry},
  year = {2006},
  address = {New York, NY, USA},
  publisher = {ACM},
  note = {429060},
  isbn = {1-59593-340-9},
  location = {Sedona, Arizona, USA}
}

